@misc{ wiki:AngularJS,
   author = "Wikipedia",
   title = "{AngularJS} --- {W}ikipedia{,} The Free Encyclopedia",
   year = "2017",
   howpublished = {\url{http://en.wikipedia.org/w/index.php?title=AngularJS&oldid=769384533}},
   note = "[Online; accessed 14-March-2017]"
 }
 
@misc{ wiki:Single-page_application,
   author = "Wikipedia",
   title = "{Single-page application} --- {W}ikipedia{,} The Free Encyclopedia",
   year = "2017",
   howpublished = {\url{http://en.wikipedia.org/w/index.php?title=Single-page%20application&oldid=767035182}},
   note = "[Online; accessed 15-March-2017]"
 }
 
@misc{ github:jsPDF,
   author = "MrRio",
   title = "{GitHub Repo de jsPDF}",
   year = "2017",
   howpublished = {\url{https://github.com/MrRio/jsPDF}}
   note = "[Online; accessed 25-March-2017]"
 }
 
 @misc{ github:angular2,
   author = "Google",
   title = "{Angular Release Schedule}",
   year = "2017",
   howpublished = {\url{https://github.com/angular/angular/blob/master/docs/RELEASE_SCHEDULE.md}}
 }
 
 @misc{ angular:doc,
   author = "Google",
   title = "{Angular Docs}",
   year = "2017",
   howpublished = {\url{https://angular.io/docs/ts/latest/}}
 }
 
@book{ninja:angular,
	author = "Ninja-Squad",
	title = {Deviens un Ninja avec Angular},
	year = {2017},
	note = {Ebook version 1.5}
}

@misc{ wiki:TypeScript,
   author = "Wikipedia",
   title = "{TypeScript} --- {W}ikipedia{,} The Free Encyclopedia",
   year = "2017",
   howpublished = {\url{http://en.wikipedia.org/w/index.php?title=TypeScript&oldid=770407028}},
   note = "[Online; accessed 16-March-2017]"
 }
 
 @misc{ grafikart:TypeScript,
   author = "Grafikart",
   title = "TypeScrpit",
   year = "2016",
   howpublished = {\url{https://www.grafikart.fr/tutoriels/javascript/typescript-781}},
   note = "[Online; accessed 16-March-2017]"
 }
 
@online{youtube:angular4annoncement,
        title = {Igor Minar - Opening Keynote - Version 4 Announcement - NG-BE 2016},
        date = {2016},
        organization = {Youtube},
        author = "NG - BE",
        howpublished = {\url{https://youtu.be/aJIMoLgqU_o}}
 }
 
 @online{udemy:angular2completeguide,
        title = {Angular 2 - The Complete Guide},
        date = {2016},
        organization = {Udemy},
        author = {Maximilian Schwarzm√ºller},
        howpublished = {\url{https://www.udemy.com/the-complete-guide-to-angular-2}}
 }
 
 @online{ts:decorator,
        title = {TypeScript Handbook - Decorators},
        date = {2017},
        organization = {Microsoft},
        author = {Microsoft},
        howpublished = {\url{https://www.typescriptlang.org/docs/handbook/decorators.html}}
 }
 
  @online{angluar:cli,
        title = {Angular CLI},
        date = {2017},
        organization = {Google},
        author = {Google},
        howpublished = {\url{https://cli.angular.io/}}
 }
 
   @online{angluarcli:doc,
        title = {Angular CLI Documentation},
        date = {2017},
        organization = {GitHub},
        author = {Google},
        howpublished = {\url{https://github.com/angular/angular-cli/wiki}}
 }

 
